<record xmlns="http://www.loc.gov/MARC21/slim" xmlns:xsi="http://www.w3.org/2001/XMLSchema-instance" xsi:schemaLocation="http://www.loc.gov/MARC21/slim http://www.loc.gov/standards/marcxml/schema/MARC21slim.xsd">

  <leader>01026nam a2200205Ia 4500</leader>
  <datafield tag="999" ind1=" " ind2=" ">
    <subfield code="c">2107</subfield>
    <subfield code="d">2107</subfield>
  </datafield>
  <controlfield tag="008">180828b2002    cr ||||| |||| 00| | spa d</controlfield>
  <datafield tag="090" ind1=" " ind2=" ">
    <subfield code="a">13.09.09 </subfield>
    <subfield code="b">877</subfield>
  </datafield>
  <datafield tag="100" ind1=" " ind2=" ">
    <subfield code="a">Fernández Vargas, Xinia</subfield>
    <subfield code="9">3211</subfield>
  </datafield>
  <datafield tag="245" ind2="0" ind1="1">
    <subfield code="a">Influencia de la socialización genérica en la construcción de las representaciones sociales asociadas a la identidad profesional en Trabajo Social / </subfield>
    <subfield code="c">Xinia Fernández Vargas</subfield>
  </datafield>
  <datafield ind2=" " ind1=" " tag="260">
    <subfield code="a">San José, Costa Rica : </subfield>
    <subfield code="b">IIMEC, </subfield>
    <subfield code="c">2002</subfield>
  </datafield>
  <datafield ind2=" " ind1=" " tag="300">
    <subfield code="a">80 páginas</subfield>
  </datafield>
  <datafield tag="500" ind2=" " ind1=" ">
    <subfield code="a">Proyecto de  Investigación Nº 724-99-352 "Socialización genérica e identidad profesional en Trabajo Social" Anteproyecto 1999\Infome final 2002</subfield>
  </datafield>
  <datafield ind1=" " ind2=" " tag="520">
    <subfield code="a">La investigación busca explicar  las relaciones entre la socialización genérica y la construcción de las identidades personal y profesional de las y los trabajadores sociales. </subfield>
  </datafield>
  <datafield tag="650" ind2="4" ind1="1">
    <subfield code="a">TRABAJADORES SOCIALES</subfield>
    <subfield code="9">4132</subfield>
  </datafield>
  <datafield tag="650" ind1="1" ind2="4">
    <subfield code="a">TRABAJO SOCIAL </subfield>
    <subfield code="9">543</subfield>
  </datafield>
  <datafield ind2="4" ind1="1" tag="650">
    <subfield code="a">GÉNERO</subfield>
    <subfield code="9">69</subfield>
  </datafield>
  <datafield tag="650" ind2="4" ind1="1">
    <subfield code="a">INFLUENCIA SOCIAL</subfield>
    <subfield code="9">1118</subfield>
  </datafield>
  <datafield ind2="4" ind1="1" tag="650">
    <subfield code="a">IDENTIDAD</subfield>
    <subfield code="9">1044</subfield>
  </datafield>
  <datafield tag="942" ind2=" " ind1=" ">
    <subfield code="2">z</subfield>
    <subfield code="c">04</subfield>
  </datafield>
</record>